<record><leader>00000cas a22000007a 4500</leader><controlfield tag="001">11661295</controlfield><controlfield tag="008">850205d18381855pauwr ne      0    0eng d</controlfield><datafield ind1=" " ind2=" " tag="010"><subfield code="a">sn 85054088 </subfield></datafield><datafield ind1=" " ind2=" " tag="040"><subfield code="a">NYG</subfield><subfield code="b">eng</subfield><subfield code="c">NYG</subfield><subfield code="d">NPH</subfield><subfield code="d">OCLCQ</subfield></datafield><datafield ind1=" " ind2=" " tag="042"><subfield code="a">msc</subfield></datafield><datafield ind1="0" ind2=" " tag="130"><subfield code="a">Village record (West Chester, Pa. : 1838)</subfield></datafield><datafield ind1="1" ind2="0" tag="245"><subfield code="a">Village record.</subfield></datafield><datafield ind1=" " ind2=" " tag="260"><subfield code="a">West-Chester, Pa. :</subfield><subfield code="b">Henry S. Evans,</subfield><subfield code="c">1838-1855.</subfield></datafield><datafield ind1=" " ind2=" " tag="300"><subfield code="a">16 v. ;</subfield><subfield code="c">59 cm.</subfield></datafield><datafield ind1=" " ind2=" " tag="310"><subfield code="a">Weekly</subfield></datafield><datafield ind1="0" ind2=" " tag="362"><subfield code="a">Vol. 21, whole no. 1088 (June 12, 1838)-v. 37, whole no. (June 19, 1855).</subfield></datafield><datafield ind1=" " ind2=" " tag="515"><subfield code="a">Issues for June 12, 1838- called also new ser., v. 5, no. 12-</subfield></datafield><datafield ind1=" " ind2=" " tag="580"><subfield code="a">Also published in a Saturday edition entitled: Register &amp; examiner . And Village record for Saturday.</subfield></datafield><datafield ind1=" " ind2=" " tag="580"><subfield code="a">Merged with: Register &amp; examiner, to form: Village record and register &amp; examiner Cf. Thomson, W.W. Chester County and its people.</subfield></datafield><datafield ind1=" " ind2=" " tag="752"><subfield code="a">United States</subfield><subfield code="b">Pennsylvania</subfield><subfield code="c">Chester</subfield><subfield code="d">West Chester.</subfield></datafield><datafield ind1="1" ind2=" " tag="775"><subfield code="t">Register &amp; examiner. And Village record for Saturday</subfield><subfield code="w">(OCoLC)15148830</subfield></datafield><datafield ind1="0" ind2="0" tag="780"><subfield code="t">Village record, and general advertiser</subfield><subfield code="w">(DLC)sn 85054087</subfield></datafield><datafield ind1="1" ind2="7" tag="785"><subfield code="t">Register &amp; examiner</subfield><subfield code="w">(DLC)sn 85054086</subfield></datafield><datafield ind1="1" ind2="7" tag="785"><subfield code="t">Village record and register &amp; examiner</subfield><subfield code="w">(DLC)sn 84026660</subfield></datafield><datafield ind1="1" ind2=" " tag="029"><subfield code="a">AU@</subfield><subfield code="b">000025794924</subfield></datafield></record>